%YAML 1.1
%TAG !u! tag:unity3d.com,2011:
--- !u!1 &100000
GameObject:
  m_ObjectHideFlags: 0
  m_PrefabParentObject: {fileID: 0}
  m_PrefabInternal: {fileID: 100100000}
  serializedVersion: 5
  m_Component:
  - component: {fileID: 400000}
  - component: {fileID: 3300000}
  - component: {fileID: 2300000}
  - component: {fileID: 11400000}
  - component: {fileID: 6800000}
  m_Layer: 0
  m_Name: waveterrain
  m_TagString: ground
  m_Icon: {fileID: 0}
  m_NavMeshLayer: 0
  m_StaticEditorFlags: 0
  m_IsActive: 1
--- !u!4 &400000
Transform:
  m_ObjectHideFlags: 1
  m_PrefabParentObject: {fileID: 0}
  m_PrefabInternal: {fileID: 100100000}
  m_GameObject: {fileID: 100000}
  m_LocalRotation: {x: 0, y: 0, z: 0, w: 1}
  m_LocalPosition: {x: 276.1, y: 55.5, z: 0}
  m_LocalScale: {x: 1, y: 1, z: 1}
  m_Children: []
  m_Father: {fileID: 0}
  m_RootOrder: 0
  m_LocalEulerAnglesHint: {x: 0, y: 0, z: 0}
--- !u!23 &2300000
MeshRenderer:
  m_ObjectHideFlags: 1
  m_PrefabParentObject: {fileID: 0}
  m_PrefabInternal: {fileID: 100100000}
  m_GameObject: {fileID: 100000}
  m_Enabled: 1
  m_CastShadows: 1
  m_ReceiveShadows: 1
  m_DynamicOccludee: 1
  m_MotionVectors: 1
  m_LightProbeUsage: 0
  m_ReflectionProbeUsage: 1
  m_Materials:
  - {fileID: 2100000, guid: a6bc0ee9ca5524680966390698c9911b, type: 2}
  m_StaticBatchInfo:
    firstSubMesh: 0
    subMeshCount: 0
  m_StaticBatchRoot: {fileID: 0}
  m_ProbeAnchor: {fileID: 0}
  m_LightProbeVolumeOverride: {fileID: 0}
  m_ScaleInLightmap: 1
  m_PreserveUVs: 0
  m_IgnoreNormalsForChartDetection: 0
  m_ImportantGI: 0
  m_StitchLightmapSeams: 0
  m_SelectedEditorRenderState: 3
  m_MinimumChartSize: 4
  m_AutoUVMaxDistance: 0.5
  m_AutoUVMaxAngle: 89
  m_LightmapParameters: {fileID: 0}
  m_SortingLayerID: -248699491
  m_SortingLayer: 3
  m_SortingOrder: -1
--- !u!33 &3300000
MeshFilter:
  m_ObjectHideFlags: 1
  m_PrefabParentObject: {fileID: 0}
  m_PrefabInternal: {fileID: 100100000}
  m_GameObject: {fileID: 100000}
  m_Mesh: {fileID: 0}
--- !u!68 &6800000
EdgeCollider2D:
  m_ObjectHideFlags: 1
  m_PrefabParentObject: {fileID: 0}
  m_PrefabInternal: {fileID: 100100000}
  m_GameObject: {fileID: 100000}
  m_Enabled: 1
  m_Density: 1
  m_Material: {fileID: 6200000, guid: 7d7159a9fcfe74b20a404df808b6873f, type: 2}
  m_IsTrigger: 0
  m_UsedByEffector: 0
  m_UsedByComposite: 0
  m_Offset: {x: 0, y: 0}
  m_EdgeRadius: 0
  m_Points:
  - {x: -76.750565, y: -15.514385}
  - {x: -73.9668, y: -15.911167}
  - {x: -71.344406, y: -16.590134}
  - {x: -68.710236, y: -18.26056}
  - {x: -66.49008, y: -20.184834}
  - {x: -64.08086, y: -22.187881}
  - {x: -62.370316, y: -23.352722}
  - {x: -60.388077, y: -24.15599}
  - {x: -58.36371, y: -24.551105}
  - {x: -56.256348, y: -24.56637}
  - {x: -54.3636, y: -24.194696}
  - {x: -51.75096, y: -22.840767}
  - {x: -49.42157, y: -20.875156}
  - {x: -47.44536, y: -19.04684}
  - {x: -45.766006, y: -17.634052}
  - {x: -43.79898, y: -16.69431}
  - {x: -41.62108, y: -15.976517}
  - {x: -39.58879, y: -15.761032}
  - {x: -37.48674, y: -15.829552}
  - {x: -35.05542, y: -16.138489}
  - {x: -33.32538, y: -16.720142}
  - {x: -31.53595, y: -17.488731}
  - {x: -29.440994, y: -19.04335}
  - {x: -27.44217, y: -20.917645}
  - {x: -25.342026, y: -22.698486}
  - {x: -23.383896, y: -23.798023}
  - {x: -21.361084, y: -24.482225}
  - {x: -17.906921, y: -24.705843}
  - {x: -15.686462, y: -24.09365}
  - {x: -13.5008545, y: -22.81371}
  - {x: -10.232269, y: -19.90385}
  - {x: -8.289612, y: -18.441406}
  - {x: -5.6431885, y: -16.800434}
  - {x: -3.130371, y: -15.910915}
  - {x: -0.39642334, y: -15.780785}
  - {x: 2.2375793, y: -15.901096}
  - {x: 5.6939697, y: -17.039204}
  - {x: 7.890503, y: -18.304962}
  - {x: 10.165527, y: -20.341606}
  - {x: 12.212158, y: -22.14658}
  - {x: 13.967468, y: -23.429092}
  - {x: 16.110718, y: -24.3439}
  - {x: 18.31781, y: -24.709415}
  - {x: 21.923462, y: -24.27031}
  - {x: 24.9122, y: -22.749992}
  - {x: 27.56012, y: -20.31353}
  - {x: 30.881348, y: -17.539246}
  - {x: 33.642548, y: -16.387234}
  - {x: 36.341095, y: -15.8243065}
  - {x: 38.870148, y: -15.632778}
  - {x: 40.95468, y: -15.897274}
  - {x: 43.39926, y: -16.76381}
  - {x: 45.853577, y: -18.122303}
  - {x: 48.28528, y: -20.214966}
  - {x: 51.223236, y: -22.784729}
  - {x: 53.82831, y: -24.176619}
  - {x: 56.036377, y: -24.636791}
  - {x: 57.958984, y: -24.667887}
  - {x: 60.320557, y: -24.13226}
  - {x: 62.877167, y: -22.919361}
  - {x: 65.70389, y: -20.520164}
  - {x: 68.056274, y: -18.473564}
  - {x: 70.802704, y: -16.815361}
  - {x: 73.37579, y: -15.909}
  - {x: 76.70108, y: -15.659142}
--- !u!114 &11400000
MonoBehaviour:
  m_ObjectHideFlags: 1
  m_PrefabParentObject: {fileID: 0}
  m_PrefabInternal: {fileID: 100100000}
  m_GameObject: {fileID: 100000}
  m_Enabled: 1
  m_EditorHideFlags: 0
  m_Script: {fileID: 11500000, guid: 3fac570381f34f647b768dc5a5aa1364, type: 3}
  m_Name: 
  m_EditorClassIdentifier: 
  collection: {fileID: 11400000, guid: 6505ef569b856431ab899f5a542b0aed, type: 2}
  _color: {r: 1, g: 1, b: 1, a: 1}
  _scale: {x: 15, y: 10, z: 1}
  _spriteId: 4
  boxCollider2D: {fileID: 0}
  polygonCollider2D: []
  edgeCollider2D: []
  boxCollider: {fileID: 0}
  meshCollider: {fileID: 0}
  meshColliderPositions: []
  meshColliderMesh: {fileID: 0}
  renderLayer: -1
--- !u!1001 &100100000
Prefab:
  m_ObjectHideFlags: 1
  serializedVersion: 2
  m_Modification:
    m_TransformParent: {fileID: 0}
    m_Modifications: []
    m_RemovedComponents: []
  m_ParentPrefab: {fileID: 0}
  m_RootGameObject: {fileID: 100000}
  m_IsPrefabParent: 1
